
@misc{wikiOnlineCov,
    author = {Wikipedia contributors},
    year = {2025},
    note = {Last access 2025-01-15},
    url = {https://en.wikipedia.org/wiki/Algorithms_for_calculating_variance#Online}
}

